<record><leader>00000cas a22000007a 4500</leader><controlfield tag="001">13083275</controlfield><controlfield tag="008">860130d186u18uualuir ne      0    0eng d</controlfield><datafield ind1=" " ind2=" " tag="010"><subfield code="a">sn 86050056 </subfield></datafield><datafield ind1=" " ind2=" " tag="040"><subfield code="a">AAR</subfield><subfield code="b">eng</subfield><subfield code="c">AAR</subfield><subfield code="d">CPN</subfield><subfield code="d">OCLCQ</subfield></datafield><datafield ind1=" " ind2=" " tag="042"><subfield code="a">msc</subfield></datafield><datafield ind1="0" ind2="0" tag="245"><subfield code="a">Opelika tri-weekly locomotive.</subfield></datafield><datafield ind1="3" ind2="0" tag="246"><subfield code="a">Opelika semi-weekly locomotive</subfield></datafield><datafield ind1=" " ind2=" " tag="260"><subfield code="a">Opelika, Ala. :</subfield><subfield code="b">Screws &amp; Hamill</subfield></datafield><datafield ind1=" " ind2=" " tag="300"><subfield code="a">v. :</subfield><subfield code="b">ill.</subfield></datafield><datafield ind1=" " ind2=" " tag="310"><subfield code="a">Three times a week</subfield></datafield><datafield ind1=" " ind2=" " tag="500"><subfield code="a">Published as: Opelika semi-weekly locomotive, &lt;Sept. 3-14, 1870&gt;.</subfield></datafield><datafield ind1=" " ind2=" " tag="588"><subfield code="a">Description based on: Vol. 1, no. ? (Jan. 2, 1869).</subfield></datafield><datafield ind1=" " ind2=" " tag="752"><subfield code="a">United States</subfield><subfield code="b">Alabama</subfield><subfield code="c">Lee</subfield><subfield code="d">Opelika.</subfield></datafield></record>